@misc{cs20siIntroSlides,
author = {Chip Huyenn},
title = {Welcome to TensorFlow! CS 20: TensorFlow for Deep Learning Research},
howpublished = {Available at \url{https://docs.google.com/presentation/d/1dizKPtp9hkuTwVDzoGZdYQb_61ULSsSUvaFfDFuhIc4/edit\#slide=id.p}
  (12 January 2018)
  }
},
@misc{tensorBoardIntro,
author = {tensorboard contributors},
title = {TensorBoard README.md},
howpublished = {Available at \url{https://github.com/tensorflow/tensorboard}
  (Accessed 1 April 2018)
  }
},
